
<record>
  <controlfield tag="001">1675222</controlfield>
  <datafield tag="035" ind1=" " ind2=" ">
    <subfield code="a">Abe:2003vzs</subfield>
    <subfield code="9">INSPIRETeX</subfield>
  </datafield>
  <datafield tag="710" ind1=" " ind2=" ">
    <subfield code="g">Belle</subfield>
  </datafield>
  <datafield tag="245" ind1=" " ind2=" ">
    <subfield code="a">Measurements of the $D_{sJ}$ resonance properties</subfield>
  </datafield>
  <datafield tag="037" ind1=" " ind2=" ">
    <subfield code="a">BELLE-CONF-0340</subfield>
  </datafield>
</record>